Automatically generated by Mendeley Desktop 1.19.4
Any changes to this file will be lost if it is regenerated by Mendeley.

BibTeX export options can be customized via Options -> BibTeX in Mendeley Desktop

@book{Sutton2018,
address = {Cambridge, Massachusetts},
author = {Sutton, Richard S. and Barto, Andrew G.},
edition = {Second},
editor = {Bach, Francis},
file = {:C$\backslash$:/Users/eddys/AppData/Local/Mendeley Ltd./Mendeley Desktop/Downloaded/Sutton, Barto - 316 - Reinforcement Learning, An Introduction.pdf:pdf},
isbn = {9780262039246},
pages = {400},
publisher = {MIT Press},
title = {{Reinforcement Learning, An Introduction}},
year = {2018}
}
@book{Chollet2016,
author = {Chollet, Francois},
booktitle = {Manning Shelter Island},
file = {:C$\backslash$:/Users/eddys/AppData/Local/Mendeley Ltd./Mendeley Desktop/Downloaded/Chollet - 2016 - Deep Learning With Python.pdf:pdf},
isbn = {9781617294433},
pages = {373},
publisher = {Manning},
title = {{Deep Learning With Python}},
year = {2018}
}
@book{Heaton2015,
address = {Chesterfield, MO},
author = {Heaton, Jeff},
booktitle = {Heaton Research},
doi = {10.1007/978-1-4842-3450-1_5},
file = {:C$\backslash$:/Users/eddys/AppData/Local/Mendeley Ltd./Mendeley Desktop/Downloaded/Mukhopadhyay, Mukhopadhyay - 2018 - Deep Learning and Neural Networks.pdf:pdf},
isbn = {9781505714340},
pages = {268},
publisher = {Heaton Research Inc},
title = {{Artificial Intelligence for Humans. Volume 3: Deep Learning and Neural Networks}},
year = {2015}
}
