Automatically generated by Mendeley Desktop 1.19.4
Any changes to this file will be lost if it is regenerated by Mendeley.

BibTeX export options can be customized via Options -> BibTeX in Mendeley Desktop

@phdthesis{Nadalini2019b,
author = {Nadalini, Aldo},
file = {:E$\backslash$:/Escritorio/Temporal/Documentos/Tesis/Reinforcement y Deep Learning/Literatura/Tesis Previas/Aldo Aguilar - Tesis.pdf:pdf},
school = {Universidad del Valle de Guatemala},
title = {{Algoritmo Modificado de Optimizaci{\'{o}}n de Enjambre de Part{\'{i}}culas (MPSO)}},
year = {2019}
}
@article{Nadalini2019a,
author = {Nadalini, Aldo},
file = {:E$\backslash$:/Escritorio/Temporal/Documentos/Tesis/Reinforcement y Deep Learning/Literatura/Tesis Previas/Aldo Aguilar - PSO Background Research.pdf:pdf},
title = {{Swarm Computational Intelligence Background Research}},
year = {2019}
}
@article{Nadalini2019,
author = {Nadalini, Aldo},
file = {:E$\backslash$:/Escritorio/Temporal/Documentos/Tesis/Reinforcement y Deep Learning/Literatura/Tesis Previas/Aldo Aguilar - Investigaci{\'{o}}n de Par{\'{a}}metros PSO.pdf:pdf},
pages = {1--5},
title = {{Investigaci{\'{o}}n de Par{\'{a}}metros Utilizados en Algoritmos de Optimizaci{\'{o}}n de Enjambre}},
year = {2019}
}
@phdthesis{Castillo2019,
author = {Castillo, Josu{\'{e}}},
file = {:E$\backslash$:/Escritorio/Temporal/Documentos/Tesis/Reinforcement y Deep Learning/Literatura/Tesis Previas/Marlon Castillo - Tesis.pdf:pdf},
pages = {54},
title = {{Dise{\~{n}}ar e implementar una red de comunicaci{\'{o}}n inal{\'{a}}mbrica para la experimentaci{\'{o}}n en rob{\'{o}}tica de enjambre}},
year = {2019}
}
@phdthesis{Maybell2019,
author = {Maybell, Andrea and Echeverr{\'{i}}a, Pe{\~{n}}a},
file = {:E$\backslash$:/Escritorio/Temporal/Documentos/Tesis/Reinforcement y Deep Learning/Literatura/Tesis Previas/Andrea Pe{\~{n}}a - Tesis.pdf:pdf},
school = {Universidad del Valle de Guatemala},
title = {{Algoritmo de sincronizaci{\'{o}}n y control de sistemas de robots multi-agente para misiones de b{\'{u}}squeda}},
year = {2019}
}
@article{Cahueque,
author = {Cahueque, Juan P and Zea, Miguel E and Rivera, Luis A},
file = {:E$\backslash$:/Escritorio/Temporal/Documentos/Tesis/Reinforcement y Deep Learning/Literatura/Tesis Previas/Juan Pablo Cahueque - Paper.pdf:pdf},
number = {3},
title = {{Generation of cost functions for Particle Swarm Optimization using Artificial Potential Fields}}
}
@phdthesis{Hernandez2019,
author = {Hern{\'{a}}ndez, Andr{\'{e}}},
file = {:E$\backslash$:/Escritorio/Temporal/Documentos/Tesis/Reinforcement y Deep Learning/Literatura/Tesis Previas/Andr{\'{e}} Rodas - Tesis.pdf:pdf},
title = {{Desarrollo e implementaci{\'{o}}n de algoritmo de visi{\'{o}}n por computador en una mesa de pruebas para la experimentaci{\'{o}}n con micro-robots m{\'{o}}viles en rob{\'{o}}tica de enjambre}},
year = {2019}
}
@phdthesis{Cahueque2019,
author = {Cahueque, Juan},
file = {:E$\backslash$:/Escritorio/Temporal/Documentos/Tesis/Reinforcement y Deep Learning/Literatura/Tesis Previas/Juan Pablo Cahueque - Tesis.pdf:pdf},
school = {Universidad del Valle de Guatemala},
title = {{Implementaci{\'{o}}n de Enjambre de Robots en Operaciones de B{\'{u}}squeda y Rescate}},
year = {2019}
}
@phdthesis{Nadalini2019c,
annote = {Protocolo},
author = {Nadalini, Aldo},
file = {:E$\backslash$:/Escritorio/Temporal/Documentos/Tesis/Reinforcement y Deep Learning/Literatura/Tesis Previas/Aldo Aguilar - Protocolo.pdf:pdf},
title = {{Algoritmo Modificado de Optimizaci{\'{o}}n de Enjambre de Part{\'{i}}culas ( MPSO )}},
year = {2019}
}
@article{Nadalini,
author = {Nadalini, Aldo Aguilar and Rivera, Luis Alberto and Arenales, Miguel Zea},
file = {:E$\backslash$:/Escritorio/Temporal/Documentos/Tesis/Reinforcement y Deep Learning/Literatura/Tesis Previas/Aldo Aguilar - Paper.pdf:pdf},
title = {{Implementation of a PSO trajectory planner using kinematic controllers that ensure smooth differential robot velocities}}
}
